<record><leader>00000cas a2200000 a 4500</leader><controlfield tag="001">11775592</controlfield><controlfield tag="008">850307d18941901ksuwr ne      0   a0eng d</controlfield><datafield ind1=" " ind2=" " tag="010"><subfield code="a">sn 85030988 </subfield></datafield><datafield ind1=" " ind2=" " tag="040"><subfield code="a">KSH</subfield><subfield code="b">eng</subfield><subfield code="c">KSH</subfield><subfield code="d">NPT</subfield><subfield code="d">OCL</subfield><subfield code="d">OCLCQ</subfield></datafield><datafield ind1=" " ind2=" " tag="042"><subfield code="a">msc</subfield></datafield><datafield ind1="0" ind2=" " tag="130"><subfield code="a">Florence bulletin (Florence, Kan. : 1894)</subfield></datafield><datafield ind1="1" ind2="4" tag="245"><subfield code="a">The Florence bulletin.</subfield></datafield><datafield ind1=" " ind2=" " tag="260"><subfield code="a">Florence, Kan. :</subfield><subfield code="b">House &amp; Manlove,</subfield><subfield code="c">1894-1901.</subfield></datafield><datafield ind1=" " ind2=" " tag="300"><subfield code="a">7 v. :</subfield><subfield code="b">ill. ;</subfield><subfield code="c">55 cm.</subfield></datafield><datafield ind1=" " ind2=" " tag="310"><subfield code="a">Weekly</subfield></datafield><datafield ind1="0" ind2=" " tag="362"><subfield code="a">Vol. 8, no. 5 (Mar. 16, 1894)-v. 15, no. 20 (July 26, 1901).</subfield></datafield><datafield ind1=" " ind2=" " tag="500"><subfield code="a">Publisher varies.</subfield></datafield><datafield ind1=" " ind2=" " tag="752"><subfield code="a">United States</subfield><subfield code="b">Kansas</subfield><subfield code="c">Marion</subfield><subfield code="d">Florence.</subfield></datafield><datafield ind1="0" ind2="0" tag="780"><subfield code="t">Florence weekly bulletin</subfield><subfield code="w">(DLC)sn 85030987</subfield></datafield><datafield ind1="0" ind2="7" tag="785"><subfield code="t">Peabody news</subfield><subfield code="w">(DLC)sn 85031043</subfield></datafield><datafield ind1="0" ind2="7" tag="785"><subfield code="t">Marion County news-bulletin</subfield><subfield code="w">(DLC)sn 85030989</subfield></datafield></record>